<record><leader>00000cas a22000007a 4500</leader><controlfield tag="001">9857437</controlfield><controlfield tag="008">830829d18561858maudn ne      0    0eng d</controlfield><datafield ind1=" " ind2=" " tag="010"><subfield code="a">sn 83021034 </subfield></datafield><datafield ind1=" " ind2=" " tag="040"><subfield code="a">NPX</subfield><subfield code="b">eng</subfield><subfield code="c">NPX</subfield><subfield code="d">OCLCQ</subfield></datafield><datafield ind1=" " ind2=" " tag="042"><subfield code="a">msc</subfield></datafield><datafield ind1=" " ind2=" " tag="043"><subfield code="a">n-us-ma</subfield></datafield><datafield ind1="0" ind2="0" tag="245"><subfield code="a">Daily Bay State.</subfield></datafield><datafield ind1=" " ind2=" " tag="260"><subfield code="a">Worcester [Mass.] :</subfield><subfield code="b">T.W. Caldwell,</subfield><subfield code="c">-1858.</subfield></datafield><datafield ind1=" " ind2=" " tag="300"><subfield code="a">v. ;</subfield><subfield code="c">57 cm.</subfield></datafield><datafield ind1=" " ind2=" " tag="310"><subfield code="a">Daily (except Sun.)</subfield></datafield><datafield ind1="0" ind2=" " tag="362"><subfield code="a">-v. 2, no. 135 (Feb. 6, 1858).</subfield></datafield><datafield ind1="1" ind2=" " tag="362"><subfield code="a">Began with Sept. 1, 1856 issue.</subfield><subfield code="z">Cf. Wall, C.A. Reminiscences of Worcester, 1877.</subfield></datafield><datafield ind1=" " ind2=" " tag="500"><subfield code="a">Editor: E. Lincoln.</subfield></datafield><datafield ind1=" " ind2=" " tag="500"><subfield code="a">Printer: T. Caldwell.</subfield></datafield><datafield ind1=" " ind2=" " tag="500"><subfield code="a">"Democratic."</subfield></datafield><datafield ind1=" " ind2=" " tag="588"><subfield code="a">Description based on: Vol. 2, no. 2 (Sept. 2, 1857).</subfield></datafield><datafield ind1="1" ind2=" " tag="700"><subfield code="a">Lincoln, Edward Winslow,</subfield><subfield code="d">1820-1896.</subfield></datafield><datafield ind1=" " ind2=" " tag="752"><subfield code="a">United States</subfield><subfield code="b">Massachusetts</subfield><subfield code="c">Worcester</subfield><subfield code="d">Worcester.</subfield></datafield><datafield ind1="0" ind2=" " tag="775"><subfield code="t">Weekly Bay State</subfield><subfield code="w">(DLC)sn 83021033</subfield></datafield></record>